@article{1411.1792,
Author = {Jason Yosinski and Jeff Clune and Yoshua Bengio and Hod Lipson},
Title = {How transferable are features in deep neural networks?},
Year = {2014},
Eprint = {arXiv:1411.1792},
Howpublished = {Advances in Neural Information Processing Systems 27, pages
  3320-3328. Dec. 2014},
}

@online{kaggleboneage,
    author = "Kevin Mader",
    title = "Kaggle RSNA Bone Age",
    url  = "https://www.kaggle.com/kmader/rsna-bone-age",
    addendum = "(accessed: 17.05.2018)",
    keywords = "mader,kevin,rsna,bone age"
}

@online{stanfordboneage,
    author = "Safwan Halabi MD",
    title = "Stanford Medicine Bone Age Datasets",
    url  = "https://stanfordmedicine.app.box.com/s/4r1zwio6z6lrzk7zw3fro7ql5mnoupcv",
    addendum = "(accessed: 17.05.2018)",
    keywords = "halabi,stanford,bone age,dataset"
}

@online{16bitrsnachallenge,
    author = "Mark Cicero and Alexander Bilbily",
    title = "Machine Learning and the Future of Radiology: How we won the 2017 RSNA ML Challenge",
    url  = "https://www.16bit.ai/blog/ml-and-future-of-radiology",
    addendum = "(accessed: 17.05.2018)",
    keywords = "16bit,rsna ml challenge,2017"
}

@online{nihchestxray,
    author = "NIH Clinical Center",
    title = "NIH Chest X-rays Dataset",
    url  = "https://nihcc.app.box.com/v/ChestXray-NIHCC",
    addendum = "(accessed: 17.05.2018)",
    keywords = "nih,chest,xrays"
}

@online{rsnacompetition,
    author = "RSNA",
    title = "RSNA Bone Age Prediction Challenge",
    url  = "http://rsnachallenges.cloudapp.net/competitions/4",
    addendum = "(accessed: 18.05.2018)",
    keywords = "rsna,boneage,prediction,challenge"
}

@online{keras,
    author = "Keras",
    title = "Keras: The Python Deep Learning library",
    url  = "https://keras.io/",
    addendum = "(accessed: 19.05.2018)",
    keywords = "keras,deep learning"
}

@misc{1802.09596,
Author = {Philipp Probst and Bernd Bischl and Anne-Laure Boulesteix},
Title = {Tunability: Importance of Hyperparameters of Machine Learning Algorithms},
Year = {2018},
Eprint = {arXiv:1802.09596},
}